@misc{small_step_semantics,
  author = {Formal Methods Team, TBCO},
  title  = {Small Step Semantics for Bcc},
  year   = {2018},
  url   = {https://hydra.tbco.io/job/Bcc/bcc-chain/semanticsSpec/latest/download/1/small-steps.pdf}
}
